@inproceedings{liu2014survey,
  title={Survey of real-time processing systems for big data},
  author={Liu, Xiufeng and Iftikhar, Nadeem and Xie, Xike},
  booktitle={Proceedings of the 18th International Database Engineering \& Applications Symposium},
  pages={356--361},
  year={2014},
  organization={ACM}
}

@article{stankovic1999misconceptions,
  title={Misconceptions about real-time databases},
  author={Stankovic, John A and Son, Sang Hyuk and Hansson, J{\"o}rgen},
  journal={Computer},
  volume={32},
  number={6},
  pages={29--36},
  year={1999},
  publisher={IEEE}
}

@book{marz2013big,
  title={Big Data: Principles and best practices of scalable realtime data systems},
  author={Marz, Nathan and Warren, James},
  year={2013},
  publisher={O'Reilly Media}
}

@inproceedings{neumeyer2010s4,
  title={S4: Distributed stream computing platform},
  author={Neumeyer, Leonardo and Robbins, Bruce and Nair, Anish and Kesari, Anand},
  booktitle={Data Mining Workshops (ICDMW), 2010 IEEE International Conference on},
  pages={170--177},
  year={2010},
  organization={IEEE}
}

@article{Dean2008,
author = {Dean, Jeffrey and Ghemawat, Sanjay},
number = {1},
pages = {107--113},
title = {{MapReduce : Simplified Data Processing on Large Clusters}},
volume = {51},
year = {2008}
}

@inproceedings{kaisler2013big,
  title={Big data: Issues and challenges moving forward},
  author={Kaisler, Stephen and Armour, Frank and Espinosa, J Alberto and Money, William},
  booktitle={System Sciences (HICSS), 2013 46th Hawaii International Conference on},
  pages={995--1004},
  year={2013},
  organization={IEEE}
}

@article{franekimporty,
  title={Importy dat z rela{\v{c}}n{\'\i} datab{\'a}ze do OLAP datov{\`y}ch kostek},
  author={Franek, Bc L'ubom{\'\i}r},
  year={2013}
}

@article{chaudhuri1997overview,
  title={An overview of data warehousing and OLAP technology},
  author={Chaudhuri, Surajit and Dayal, Umeshwar},
  journal={ACM Sigmod record},
  volume={26},
  number={1},
  pages={65--74},
  year={1997},
  publisher={ACM}
}

@article{agha1985actors,
  title={Actors: a model of concurrent computation in distributed systems},
  author={Agha, Gul Abdulnabi},
  year={1985}
}

@MISC{boeing,
   author =       {Higginbotham, Stacey},
   title =        {Sensor Networks Top Social Networks for Big Data},
   editor =       {gigaom.com},
   month =        {September},
   year =         {2010},
   url = {https://gigaom.com/2010/09/13/sensor-networks-top-social-networks-for-big-data-2/},
   note =         {[Online; zverejnen√© 13-September-2010]},
 }
 
 @article{silvestri2006distributed,
  title={Distributed and stream data mining algorithms for frequent pattern discovery},
  author={Silvestri, Claudio},
  year={2006},
  school={Ph. D. Thesis, Universita Ca Foscari di Venezia}
}

@inproceedings{mathioudakis2010twittermonitor,
  title={Twittermonitor: trend detection over the twitter stream},
  author={Mathioudakis, Michael and Koudas, Nick},
  booktitle={Proceedings of the 2010 ACM SIGMOD International Conference on Management of data},
  pages={1155--1158},
  year={2010},
  organization={ACM}
}

@inproceedings{babcock2002models,
  title={Models and issues in data stream systems},
  author={Babcock, Brian and Babu, Shivnath and Datar, Mayur and Motwani, Rajeev and Widom, Jennifer},
  booktitle={Proceedings of the twenty-first ACM SIGMOD-SIGACT-SIGART symposium on Principles of database systems},
  pages={1--16},
  year={2002},
  organization={ACM}
}

@inproceedings{zaharia2012discretized,
  title={Discretized streams: an efficient and fault-tolerant model for stream processing on large clusters},
  author={Zaharia, Matei and Das, Tathagata and Li, Haoyuan and Shenker, Scott and Stoica, Ion},
  booktitle={Proceedings of the 4th USENIX conference on Hot Topics in Cloud Ccomputing},
  pages={10--10},
  year={2012},
  organization={USENIX Association}
}

@online{Spark,
  author = {Apache},
  title = {Apache Spark},
  year = 2015,
  url = {https://spark.apache.org},
  urldate = {2015-03-03}
}